{
  "leader": "04753cas a2200757 a 4500",
  "fields": [
    {
      "001": "ocm01537779\\"
    },
    {
      "003": "OCoLC"
    },
    {
      "005": "20220712082359.0"
    },
    {
      "008": "750812c19399999mduqr\\p\\\\\\bo\\\\0\\\\\\a0eng\\c"
    },
    {
      "010": {
        "ind1": "\\",
        "ind2": "\\",
        "subfields": [
          {
            "a": "   34033593 "
          },
          {
            "z": "sc 79003122 "
          },
          {
            "z": "sn 78004267 "
          }
        ]
      }
    },
    {
      "040": {
        "ind1": "\\",
        "ind2": "\\",
        "subfields": [
          {
            "a": "MUL"
          },
          {
            "b": "eng"
          },
          {
            "c": "MUL"
          },
          {
            "d": "UCU"
          },
          {
            "d": "RCS"
          },
          {
            "d": "AIP"
          },
          {
            "d": "HUL"
          },
          {
            "d": "DLC"
          },
          {
            "d": "NST"
          },
          {
            "d": "EBZ"
          },
          {
            "d": "NSD"
          },
          {
            "d": "IUL"
          },
          {
            "d": "CUS"
          },
          {
            "d": "GUA"
          },
          {
            "d": "NLM"
          },
          {
            "d": "MUQ"
          },
          {
            "d": "NLGGC"
          },
          {
            "d": "UQ1"
          },
          {
            "d": "UKMGB"
          },
          {
            "d": "OCLCO"
          },
          {
            "d": "OCLCF"
          },
          {
            "d": "P4I"
          },
          {
            "d": "AU@"
          },
          {
            "d": "OCLCO"
          },
          {
            "d": "EUW"
          },
          {
            "d": "OCLCO"
          },
          {
            "d": "OCLCQ"
          },
          {
            "d": "OCLCO"
          },
          {
            "d": "CASUM"
          },
          {
            "d": "OCLCO"
          },
          {
            "d": "OCLCA"
          },
          {
            "d": "OCLCQ"
          },
          {
            "d": "OCLCA"
          },
          {
            "d": "DLC"
          },
          {
            "d": "OCLCA"
          },
          {
            "d": "TYC"
          },
          {
            "d": "OKS"
          },
          {
            "d": "DLC"
          },
          {
            "d": "OCLCA"
          },
          {
            "d": "RDF"
          },
          {
            "d": "IL4J6"
          }
        ]
      }
    },
    {
      "012": {
        "ind1": "\\",
        "ind2": "\\",
        "subfields": [
          {
            "a": "2"
          },
          {
            "b": "3"
          },
          {
            "e": "n"
          },
          {
            "j": "0"
          },
          {
            "k": "1"
          },
          {
            "l": "y"
          },
          {
            "m": "1"
          }
        ]
      }
    },
    {
      "016": {
        "ind1": "7",
        "ind2": "\\",
        "subfields": [
          {
            "a": "0141233"
          },
          {
            "2": "DNLM"
          }
        ]
      }
    },
    {
      "016": {
        "ind1": "7",
        "ind2": "\\",
        "subfields": [
          {
            "a": "B43740000"
          },
          {
            "2": "DNLM"
          }
        ]
      }
    },
    {
      "016": {
        "ind1": "7",
        "ind2": "\\",
        "subfields": [
          {
            "a": "011736076"
          },
          {
            "2": "Uk"
          }
        ]
      }
    },
    {
      "019": {
        "ind1": "\\",
        "ind2": "\\",
        "subfields": [
          {
            "a": "903665888"
          },
          {
            "a": "979936341"
          },
          {
            "a": "980083644"
          },
          {
            "a": "985141534"
          },
          {
            "a": "989376439"
          },
          {
            "a": "1001830754"
          },
          {
            "a": "1012067105"
          },
          {
            "a": "1013407077"
          },
          {
            "a": "1049733835"
          },
          {
            "a": "1051600885"
          },
          {
            "a": "1054220185"
          },
          {
            "a": "1060567959"
          },
          {
            "a": "1065272923"
          },
          {
            "a": "1071723191"
          },
          {
            "a": "1114944984"
          },
          {
            "a": "1150836578"
          },
          {
            "a": "1179404300"
          },
          {
            "a": "1197642032"
          },
          {
            "a": "1202856864"
          },
          {
            "a": "1242814166"
          },
          {
            "a": "1246526718"
          }
        ]
      }
    },
    {
      "022": {
        "ind1": "0",
        "ind2": "\\",
        "subfields": [
          {
            "a": "0007-5140"
          },
          {
            "l": "0007-5140"
          },
          {
            "y": "0002-5140"
          },
          {
            "2": "1"
          }
        ]
      }
    },
    {
      "030": {
        "ind1": "\\",
        "ind2": "\\",
        "subfields": [
          {
            "a": "BHMEAW"
          }
        ]
      }
    },
    {
      "032": {
        "ind1": "\\",
        "ind2": "\\",
        "subfields": [
          {
            "a": "076500"
          },
          {
            "b": "USPS"
          }
        ]
      }
    },
    {
      "035": {
        "ind1": "\\",
        "ind2": "\\",
        "subfields": [
          {
            "a": "(OCoLC)1537779"
          },
          {
            "z": "(OCoLC)903665888"
          },
          {
            "z": "(OCoLC)979936341"
          },
          {
            "z": "(OCoLC)980083644"
          },
          {
            "z": "(OCoLC)985141534"
          },
          {
            "z": "(OCoLC)989376439"
          },
          {
            "z": "(OCoLC)1001830754"
          },
          {
            "z": "(OCoLC)1012067105"
          },
          {
            "z": "(OCoLC)1013407077"
          },
          {
            "z": "(OCoLC)1049733835"
          },
          {
            "z": "(OCoLC)1051600885"
          },
          {
            "z": "(OCoLC)1054220185"
          },
          {
            "z": "(OCoLC)1060567959"
          },
          {
            "z": "(OCoLC)1065272923"
          },
          {
            "z": "(OCoLC)1071723191"
          },
          {
            "z": "(OCoLC)1114944984"
          },
          {
            "z": "(OCoLC)1150836578"
          },
          {
            "z": "(OCoLC)1179404300"
          },
          {
            "z": "(OCoLC)1197642032"
          },
          {
            "z": "(OCoLC)1202856864"
          },
          {
            "z": "(OCoLC)1242814166"
          },
          {
            "z": "(OCoLC)1246526718"
          }
        ]
      }
    },
    {
      "037": {
        "ind1": "\\",
        "ind2": "\\",
        "subfields": [
          {
            "b": "Johns Hopkins University Press, Journals Pub. Div., 2715 N. Charles St., Baltimore, Md. 21218-4319"
          },
          {
            "c": "{dollar}75.00"
          }
        ]
      }
    },
    {
      "042": {
        "ind1": "\\",
        "ind2": "\\",
        "subfields": [
          {
            "a": "nsdp"
          },
          {
            "a": "pcc"
          }
        ]
      }
    },
    {
      "050": {
        "ind1": "0",
        "ind2": "0",
        "subfields": [
          {
            "a": "R11"
          },
          {
            "b": ".B93"
          }
        ]
      }
    },
    {
      "060": {
        "ind1": "0",
        "ind2": "0",
        "subfields": [
          {
            "a": "W1"
          },
          {
            "b": "BU85X"
          }
        ]
      }
    },
    {
      "060": {
        "ind1": "0",
        "ind2": "0",
        "subfields": [
          {
            "a": "Film S04393"
          }
        ]
      }
    },
    {
      "082": {
        "ind1": "0",
        "ind2": "4",
        "subfields": [
          {
            "a": "610"
          },
          {
            "b": "BUL"
          }
        ]
      }
    },
    {
      "210": {
        "ind1": "0",
        "ind2": "\\",
        "subfields": [
          {
            "a": "Bull. hist. med."
          }
        ]
      }
    },
    {
      "222": {
        "ind1": "\\",
        "ind2": "0",
        "subfields": [
          {
            "a": "Bulletin of the history of medicine"
          }
        ]
      }
    },
    {
      "245": {
        "ind1": "0",
        "ind2": "0",
        "subfields": [
          {
            "a": "Bulletin of the history of medicine."
          }
        ]
      }
    },
    {
      "260": {
        "ind1": "\\",
        "ind2": "\\",
        "subfields": [
          {
            "a": "Baltimore :"
          },
          {
            "b": "Johns Hopkins University Press"
          }
        ]
      }
    },
    {
      "300": {
        "ind1": "\\",
        "ind2": "\\",
        "subfields": [
          {
            "a": "volumes :"
          },
          {
            "b": "illustrations, portraits ;"
          },
          {
            "c": "22-26 cm"
          }
        ]
      }
    },
    {
      "310": {
        "ind1": "\\",
        "ind2": "\\",
        "subfields": [
          {
            "a": "Quarterly"
          }
        ]
      }
    },
    {
      "336": {
        "ind1": "\\",
        "ind2": "\\",
        "subfields": [
          {
            "a": "text"
          },
          {
            "b": "txt"
          },
          {
            "2": "rdacontent"
          }
        ]
      }
    },
    {
      "337": {
        "ind1": "\\",
        "ind2": "\\",
        "subfields": [
          {
            "a": "unmediated"
          },
          {
            "b": "n"
          },
          {
            "2": "rdamedia"
          }
        ]
      }
    },
    {
      "338": {
        "ind1": "\\",
        "ind2": "\\",
        "subfields": [
          {
            "a": "volume"
          },
          {
            "b": "nc"
          },
          {
            "2": "rdacarrier"
          }
        ]
      }
    },
    {
      "362": {
        "ind1": "0",
        "ind2": "\\",
        "subfields": [
          {
            "a": "Vol. 7, no. 1 (Jan. 1939)-"
          }
        ]
      }
    },
    {
      "500": {
        "ind1": "\\",
        "ind2": "\\",
        "subfields": [
          {
            "a": "Includes the Transactions of the 15th- annual meetings of the American Association of the History of Medicine, 1939-"
          }
        ]
      }
    },
    {
      "504": {
        "ind1": "\\",
        "ind2": "\\",
        "subfields": [
          {
            "a": "Includes bibliographical references."
          }
        ]
      }
    },
    {
      "530": {
        "ind1": "\\",
        "ind2": "\\",
        "subfields": [
          {
            "a": "Also issued online."
          }
        ]
      }
    },
    {
      "550": {
        "ind1": "\\",
        "ind2": "\\",
        "subfields": [
          {
            "a": "Organ of the American Association for the History of Medicine and of the Johns Hopkins Institute of the History of Medicine."
          }
        ]
      }
    },
    {
      "555": {
        "ind1": "\\",
        "ind2": "\\",
        "subfields": [
          {
            "a": "Vols. 1-20, 1933-46. 1 v. (Includes index to the journal under its earlier title); Vols. 21-36, 1947-62. 1 v.; 1933-82. 1 v. (Includes index to the journal under its earlier title, and supplements to the journal)."
          }
        ]
      }
    },
    {
      "588": {
        "ind1": "0",
        "ind2": "\\",
        "subfields": [
          {
            "a": "Volume 72, number 1 (Spring 1998)"
          }
        ]
      }
    },
    {
      "588": {
        "ind1": "1",
        "ind2": "\\",
        "subfields": [
          {
            "a": "Volume 72, number 1 (Spring 1998)"
          }
        ]
      }
    },
    {
      "650": {
        "ind1": "\\",
        "ind2": "0",
        "subfields": [
          {
            "a": "Medicine"
          },
          {
            "x": "History"
          },
          {
            "v": "Periodicals."
          }
        ]
      }
    },
    {
      "650": {
        "ind1": "\\",
        "ind2": "7",
        "subfields": [
          {
            "a": "Medicine."
          },
          {
            "2": "fast"
          },
          {
            "0": "(OCoLC)fst01014893"
          }
        ]
      }
    },
    {
      "650": {
        "ind1": "\\",
        "ind2": "2",
        "subfields": [
          {
            "a": "History of Medicine."
          }
        ]
      }
    },
    {
      "655": {
        "ind1": "\\",
        "ind2": "7",
        "subfields": [
          {
            "a": "History."
          },
          {
            "2": "fast"
          },
          {
            "0": "(OCoLC)fst01411628"
          }
        ]
      }
    },
    {
      "655": {
        "ind1": "\\",
        "ind2": "7",
        "subfields": [
          {
            "a": "Periodicals."
          },
          {
            "2": "fast"
          },
          {
            "0": "(OCoLC)fst01411641"
          }
        ]
      }
    },
    {
      "655": {
        "ind1": "\\",
        "ind2": "7",
        "subfields": [
          {
            "a": "Electronic journals."
          },
          {
            "2": "lcgft"
          }
        ]
      }
    },
    {
      "655": {
        "ind1": "\\",
        "ind2": "2",
        "subfields": [
          {
            "a": "Periodical."
          }
        ]
      }
    },
    {
      "710": {
        "ind1": "2",
        "ind2": "\\",
        "subfields": [
          {
            "a": "American Association for the History of Medicine."
          }
        ]
      }
    },
    {
      "710": {
        "ind1": "2",
        "ind2": "\\",
        "subfields": [
          {
            "a": "Johns Hopkins University."
          },
          {
            "b": "Institute of the History of Medicine."
          }
        ]
      }
    },
    {
      "710": {
        "ind1": "2",
        "ind2": "2",
        "subfields": [
          {
            "a": "American Association for the History of Medicine."
          },
          {
            "t": "Transactions."
          }
        ]
      }
    },
    {
      "770": {
        "ind1": "0",
        "ind2": "\\",
        "subfields": [
          {
            "t": "Henry E. Sigerist supplements to the Bulletin of the history of medicine"
          },
          {
            "g": "1978"
          },
          {
            "x": "0194-1100"
          },
          {
            "w": "(DLC)sf 79010301"
          },
          {
            "w": "(OCoLC)4337944"
          }
        ]
      }
    },
    {
      "776": {
        "ind1": "1",
        "ind2": "\\",
        "subfields": [
          {
            "t": "Bulletin of the history of medicine (Online)"
          },
          {
            "x": "1086-3176"
          },
          {
            "w": "(DLC)sn 95006665"
          },
          {
            "w": "(OCoLC)33891126"
          }
        ]
      }
    },
    {
      "776": {
        "ind1": "0",
        "ind2": "8",
        "subfields": [
          {
            "i": "Online version:"
          },
          {
            "t": "Bulletin of the history of medicine"
          },
          {
            "w": "(OCoLC)1001415311"
          }
        ]
      }
    },
    {
      "780": {
        "ind1": "0",
        "ind2": "0",
        "subfields": [
          {
            "t": "Bulletin of the Institute of the History of Medicine"
          },
          {
            "x": "2576-4810"
          },
          {
            "w": "(DLC)   91643076"
          },
          {
            "w": "(OCoLC)1778512"
          }
        ]
      }
    },
    {
      "850": {
        "ind1": "\\",
        "ind2": "\\",
        "subfields": [
          {
            "a": "DLC"
          },
          {
            "a": "InU"
          },
          {
            "a": "MBCo"
          },
          {
            "a": "MH"
          },
          {
            "a": "MH-HS"
          },
          {
            "a": "MSobPR"
          },
          {
            "a": "MoKU"
          },
          {
            "a": "NcRS"
          },
          {
            "a": "NjR"
          },
          {
            "a": "OCU"
          },
          {
            "a": "OrU-S"
          },
          {
            "a": "PPT"
          },
          {
            "a": "PU-Med"
          }
        ]
      }
    },
    {
      "856": {
        "ind1": "4",
        "ind2": "1",
        "subfields": [
          {
            "u": "http://muse.jhu.edu/journals/bulletin_of_the_history_of_medicine/"
          }
        ]
      }
    },
    {
      "856": {
        "ind1": "4",
        "ind2": "1",
        "subfields": [
          {
            "u": "http://calliope.jhu.edu/journals/bulletin_of_the_history_of_medicine/"
          }
        ]
      }
    },
    {
      "856": {
        "ind1": "4",
        "ind2": "1",
        "subfields": [
          {
            "u": "http://firstsearch.oclc.org"
          },
          {
            "z": "Address for accessing the journal using authorization number and password through OCLC FirstSearch Electronic Collections Online. Subscription to online journal required for access to abstracts and full text"
          }
        ]
      }
    },
    {
      "856": {
        "ind1": "4",
        "ind2": "1",
        "subfields": [
          {
            "u": "http://firstsearch.oclc.org/journal=0007-5140;screen=info;ECOIP"
          },
          {
            "z": "Address for accessing the journal from an authorized IP address through OCLC FirstSearch Electronic Collections Online. Subscription to online journal required for access to abstracts and full text"
          }
        ]
      }
    },
    {
      "936": {
        "ind1": "\\",
        "ind2": "\\",
        "subfields": [
          {
            "a": "Vol. 70, no. 1 (spring 1996) LIC (surrogate)"
          }
        ]
      }
    },
    {
      "994": {
        "ind1": "\\",
        "ind2": "\\",
        "subfields": [
          {
            "a": "Z0"
          },
          {
            "b": "NYRVC"
          }
        ]
      }
    },
    {
      "948": {
        "ind1": "\\",
        "ind2": "\\",
        "subfields": [
          {
            "h": "NO HOLDINGS IN NYRVC - 443 OTHER HOLDINGS"
          }
        ]
      }
    },
    {
      "999": {
        "ind1": "\\",
        "ind2": "\\",
        "subfields": [
          {
            "a": "00000000013832"
          },
          {
            "v": "Volume 72 number 1"
          }
        ]
      }
    }
  ]
}